<record><leader>00000cas a22000007a 4500</leader><controlfield tag="001">13420296</controlfield><controlfield tag="008">860411d18721uuupauuu ne      0    0eng d</controlfield><datafield ind1=" " ind2=" " tag="010"><subfield code="a">sn 86081452 </subfield></datafield><datafield ind1=" " ind2=" " tag="040"><subfield code="a">NPH</subfield><subfield code="b">eng</subfield><subfield code="c">NPH</subfield><subfield code="d">OCLCQ</subfield></datafield><datafield ind1=" " ind2=" " tag="042"><subfield code="a">msc</subfield></datafield><datafield ind1="0" ind2=" " tag="130"><subfield code="a">Democratic statesman (Philadelphia, Pa.)</subfield></datafield><datafield ind1="1" ind2="0" tag="245"><subfield code="a">Democratic statesman.</subfield></datafield><datafield ind1=" " ind2=" " tag="260"><subfield code="a">Philadelphia [Pa.] :</subfield><subfield code="b">J.M. Cooper,</subfield><subfield code="c">1872-</subfield></datafield><datafield ind1=" " ind2=" " tag="300"><subfield code="a">v. ;</subfield><subfield code="c">55 cm.</subfield></datafield><datafield ind1="0" ind2=" " tag="362"><subfield code="a">Vol. 1, no. 1 (Sept. 6, 1872)-</subfield></datafield><datafield ind1=" " ind2=" " tag="500"><subfield code="a">"Anti-Greeley democratic newspaper."</subfield></datafield><datafield ind1=" " ind2=" " tag="515"><subfield code="a">No more published?</subfield></datafield><datafield ind1=" " ind2=" " tag="752"><subfield code="a">United States</subfield><subfield code="b">Pennsylvania</subfield><subfield code="c">Philadelphia</subfield><subfield code="d">Philadelphia.</subfield></datafield></record>